% book
% Required fields: author or editor, title, publisher, year. 
% Optional fields: volume or number, series, address, edition, month, note.
@book{coulouris,
  author = {Coulouris  G.  F.,  Dollimore J. e  Kindberg T},
  title = {Distributed Systems: concepts and Design},
  publisher = {Addison-Wesley},
  year = {1994},
  edition = "second edition"

}

% article
% Required fields: author, title, journal, year. 
% Optional fields: volume, number, pages, month, note.

@article{demers,
  author = {Demers A. and others},
  title = {Epidemic Algorithm for Replicated Database Management},
  journal = {Proc. of 6th ACM Symposium on Principles of Distributed Computing},
  year = {1987},
  url = {http:www.acm.org/dl}
}

@article{vogels,
  author = {Vogels Werner},
  title = {Eventually Consistent},
  journal = {Communication of the ACM},
  year = {2006}
}

@article{kermarrec,
  author = {Kermarrec A. and Van Steen M.},
  title = {Gossiping in distributed systems},
  journal = {Operating Systems Review},
  year = {2007},
  url={http://doi.acm.org/10.1145/1317379.1317382}
}

@article{pittel,
  author = {Pittel B.},
  title = {On Spreading a Rumor},
  journal = {SIAM Journal on Applied Mathematics},
  volume={47},
  number={1},
  pages={213-223},
  year = {1987},
  url={https://www.jstor.org/stable/2101696}
}
@article{hethcote,
  author = {Hethcote H. W.},
  title = {The Mathematics of Infectious Diseases},
  journal = {SIAM Review},
  volume={42},
  number={4},
  pages={599-653},
  year = {2000},
  url={http://leonidzhukov.net/hse/2014/socialnetworks/papers/2000SiamRev.pdf}
}

@article{flowgossip,
  author = {van Renesse R. and Dumitriu D. and Gough V. and Thomas C.},
  title = {Efficient reconciliation and flow control for anti-entropy protocols},
  journal = {Proceedings of the 2nd Workshop on Large-Scale Distributed Systems and Middleware},
  year = {2008},
  url={https://www.cs.cornell.edu/home/rvr/papers/flowgossip.pdf}
}

@article{membership,
author = {Jelasity M. and others},
year = {2003},
pages = {},
title = {Newscast Computing}
}

@article{swim,
author = {Das A. and others},
year = {2002},
pages = {},
title = {SWIM:Scalable Weakly-consistent Infection-style Process Group Membership Protocol}
}

@article{garbage_collection,
author = {Guo K and Hayden M. and van Renesse R. and Vogels W. and Birman K.},
year = {1997},
pages = {},
title = {GSGC: An efficient gossip-style garbage collection scheme for scalable reliable multicast}
}

@article{aggregation,
author = {Jelasity M. and Montresor A. and Babaoglu O.},
year = {2005},
pages = {219-252},
title = {Gossip-based aggregation in large dynamic networks},
volume={23},
number={1}
}
@article{newscast,
author = {Golding R. A. and Taylor K.},
year = {1992},
title = {Group membership in the epidemic style},
}
@article{failure_detection,
author = {van Renesse R and Minsky Y. and Hayden M.},
year = {1998},
title = {A Gossip-Style Failure Detection Service},
journal = {Proceedings of the IFIP Internationale Conference on Distributed Systems Platforms and Open Distributed Processing},
pages = {55-70},
url={https://dl.acm.org/citation.cfm?id=1659238}
}

@article{montresor,
author = {Montresor A.},
year = {2017},
title = {Gossip and Epidemic Protocols},
url={http://disi.unitn.it/~montreso/ds/papers/montresor17.pdf}
}

@article{ensuring_america_competitivness,
author = {Benioff M. R. and Lazowska E. D.},
year = {2005},
title = {Computational Science:Ensuring America’s Competitiveness},
url={http://vis.cs.brown.edu/docs/pdf/Pitac-2005-CSE.pdf}
}





% conference
% same as inproceedings
% Required fields: author, title, booktitle, year. 
% Optional fields: editor, volume or number, series, pages, address, month, organization, publisher, note
@conference{karp,
  author = {Karp R. and others},
  title = {Randomized Rumor Spreading},
  booktitle = { Proceedings 41st Annual Symposium on Foundations of Computer Science},
  address = {Redondo Beach, CA, USA, USA },
  year = {2000},
  month = {12-14 November}
}

% website
% as misc
% Required fields: none. 
% Optional fields: author, title, howpublished, month, year, note.
@misc{informatica,
  title = {Informatica: definizione},
  howpublished = {http://www.treccani.it/enciclopedia/informatica/},
  note = {ultimo accesso 24/06/2019}
}

@misc{stem,
  title = {STEM education},
  howpublished = {https://www.britannica.com/topic/STEM-education},
  note = {ultimo accesso 24/06/2019}
}

@misc{computational_science,
  title = {Scienza computazionale},
  howpublished = {https://it.wikipedia.org/wiki/Scienza\_computazionale},
  note = {ultimo accesso 24/06/2019}
}
@misc{scienze_applicate,
  title = {Liceo scientifico - opzione scienze applicate},
  howpublished = {https://miur.gov.it/liceo-scientifico-opzione-scienze-applicate},
  note = {ultimo accesso 24/06/2019}
}

@misc{problemi_riforma,
  title = {La figura dell’ITP nei Licei, Tecnici e Professionali dopo la riforma Gelmini},
  howpublished = {https://www.orizzontescuola.it/itp-danno-tecnico-pratico-della-riforma-gelmini/},
  note = {ultimo accesso 24/06/2019}
}

@misc{riforma,
  title = {Decreto Ministeriale 211 del 7 ottobre 2010 “Indicazioni Nazionali”, allegato F},
  howpublished = {https://www.gazzettaufficiale.it/eli/id/2010/12/14/010G0232/sg},
  note = {ultimo accesso 24/06/2019}
}





